@inproceedings{chlebik:03:inapprox,
	year={2003},
	booktitle={Fundamentals of Computation Theory},
	title={Inapproximability Results for Bounded Variants of Optimization Problems},
	author={Chleb\'ik, Miroslav and Chleb\'ikov\'a, Janka},
	pages={27--38},
}

@inproceedings{henderson2012rolx,
  title={Rolx: structural role extraction \& mining in large graphs},
  author={Henderson, Keith and Gallagher, Brian and Eliassi-Rad, Tina and Tong, Hanghang and Basu, Sugato and Akoglu, Leman and Koutra, Danai and Faloutsos, Christos and Li, Lei},
  booktitle={Proceedings of the 18th ACM SIGKDD international conference on Knowledge discovery and data mining},
  pages={1231--1239},
  year={2012},
  organization={ACM}
}


@inproceedings{henderson2011s,
  title={It's who you know: graph mining using recursive structural features},
  author={Henderson, Keith and Gallagher, Brian and Li, Lei and Akoglu, Leman and Eliassi-Rad, Tina and Tong, Hanghang and Faloutsos, Christos},
  booktitle={Proceedings of the 17th ACM SIGKDD international conference on Knowledge discovery and data mining},
  pages={663--671},
  year={2011},
  organization={ACM}
}


@inproceedings{danilevsky2013entity,
  title={Entity role discovery in hierarchical topical communities},
  author={Danilevsky, Marina and Wang, Chi and Desai, Nihit and Han, Jiawei},
  booktitle={Proc. ACM SIGKDD Int. Workshop Mining Data Semantics Heterogeneous Inf. Netw},
  pages={1--8},
  year={2013},
  organization={Citeseer}
}

@article{yang2015network,
  title={In-Network Neighborhood-Based Node Similarity Measure: A Unified Parametric Model},
  author={Yang, Yu and Pei, Jian},
  journal={arXiv preprint arXiv:1510.03814},
  year={2015}
}

@article{dong2014network,
  title={A network-cliques based role mining model},
  author={Dong, Lijun and Wu, Jinxia and Gong, Cheng and Pi, Benjie},
  journal={Journal of Networks},
  volume={9},
  number={8},
  pages={2079--2088},
  year={2014}
}
@inproceedings{li2013learning,
  title={Learning, analyzing and predicting object roles on dynamic networks},
  author={Li, Kang and Guo, Suxin and Du, Nan and Gao, Jing and Zhang, Aidong},
  booktitle={Data Mining (ICDM), 2013 IEEE 13th International Conference on},
  pages={428--437},
  year={2013},
  organization={IEEE}
}
@article{rossi2015role,
  title={Role discovery in networks},
  author={Rossi, Ryan A and Ahmed, Nesreen K},
  journal={Knowledge and Data Engineering, IEEE Transactions on},
  volume={27},
  number={4},
  pages={1112--1131},
  year={2015},
  publisher={IEEE}
}

@inproceedings{cheng2014social,
  title={Social Role Identification via Dual Uncertainty Minimization Regularization},
  author={Cheng, Yu and Agrawal, Ankit and Choudhary, Alok and Liu, Huan and Zhang, Tao},
  booktitle={Data Mining (ICDM), 2014 IEEE International Conference on},
  pages={767--772},
  year={2014},
  organization={IEEE}
}
@inproceedings{ruan2014simultaneous,
  title={Simultaneous detection of communities and roles from large networks},
  author={Ruan, Yiye and Parthasarathy, Srinivasan},
  booktitle={Proceedings of the second ACM conference on Online social networks},
  pages={203--214},
  year={2014},
  organization={ACM}
}
@inproceedings{gilpin2013guided,
  title={Guided learning for role discovery (glrd): framework, algorithms, and applications},
  author={Gilpin, Sean and Eliassi-Rad, Tina and Davidson, Ian},
  booktitle={Proceedings of the 19th ACM SIGKDD international conference on Knowledge discovery and data mining},
  pages={113--121},
  year={2013},
  organization={ACM}
}

@inproceedings{choobdar2015pairwise,
  title={Pairwise structural role mining for user categorization in information cascades},
  author={Choobdar, Sarvenaz and Ribeiro, Pedro and Silva, Fernando},
  booktitle={Proceedings of the 2015 IEEE/ACM International Conference on Advances in Social Networks Analysis and Mining 2015},
  pages={137--144},
  year={2015},
  organization={ACM}
}
@inproceedings{zhao2013inferring,
  title={Inferring social roles and statuses in social networks},
  author={Zhao, Yuchen and Wang, Guan and Yu, Philip S and Liu, Shaobo and Zhang, Simon},
  booktitle={Proceedings of the 19th ACM SIGKDD international conference on Knowledge discovery and data mining},
  pages={695--703},
  year={2013},
  organization={ACM}
}
@article{abnar2015ssrm,
  title={SSRM: structural social role mining for dynamic social networks},
  author={Abnar, Afra and Takaffoli, Mansoureh and Rabbany, Reihaneh and Za{\"\i}ane, Osmar R},
  journal={Social Network Analysis and Mining},
  volume={5},
  number={1},
  pages={1--18},
  year={2015},
  publisher={Springer}
}

@inproceedings{McKay1978,
	author="McKay, Brendan D.",
	editor="Holton, D. A.  and Seberry, Jennifer",
	bookTitle="Combinatorial Mathematics: Proceedings of the International Conference on Combinatorial Theory",
	year="1978",
	pages="223--232",
}

