@inproceedings{henderson2012rolx,
  title={Rolx: structural role extraction \& mining in large graphs},
  author={Henderson, Keith and Gallagher, Brian and Eliassi-Rad, Tina and Tong, Hanghang and Basu, Sugato and Akoglu, Leman and Koutra, Danai and Faloutsos, Christos and Li, Lei},
  booktitle={KDD},
  pages={1231--1239},
  year={2012}
}

@inproceedings{zhao2013inferring,
  title={Inferring social roles and statuses in social networks},
  author={Zhao, Yuchen and Wang, Guan and Yu, Philip S and Liu, Shaobo and Zhang, Simon},
  booktitle={KDD},
  pages={695--703},
  year={2013},
  organization={ACM}
}

@article{choobdar2015dynamic,
  title={Dynamic inference of social roles in information cascades},
  author={Choobdar, Sarvenaz and Ribeiro, Pedro and Parthasarathy, Srinivasan and Silva, Fernando},
  journal={Data Mining and Knowledge Discovery},
  volume={29},
  number={5},
  pages={1152--1177},
  year={2015},
  publisher={Springer}
}

@inproceedings{gilpin2013guided,
  title={Guided learning for role discovery ({GLRD}): framework, algorithms, and applications},
  author={Gilpin, Sean and Eliassi-Rad, Tina and Davidson, Ian},
  booktitle={KDD},
  pages={113--121},
  year={2013},
  organization={ACM}
}

@article{rossi2015role,
  title={Role discovery in networks},
  author={Rossi, Ryan A and Ahmed, Nesreen K},
  journal={TKDE},
  volume={27},
  number={4},
  pages={1112--1131},
  year={2015},
  publisher={IEEE}
}

@article{tsourakakis2014toward,
  title={Toward quantifying vertex similarity in networks},
  author={Tsourakakis, Charalampos E},
  journal={Internet Mathematics},
  volume={10},
  number={3-4},
  pages={263--286},
  year={2014},
  publisher={Taylor \& Francis}
}

@inproceedings{danilevsky2013entity,
  title={Entity role discovery in hierarchical topical communities},
  author={Danilevsky, Marina and Wang, Chi and Desai, Nihit and Han, Jiawei},
  booktitle={ACM SIGKDD International Workshop on Mining Data Semantics and Heterogeneous Information Networks},
  pages={1--8},
  year={2013}
}

@inproceedings{ruan2014simultaneous,
  title={Simultaneous detection of communities and roles from large networks},
  author={Ruan, Yiye and Parthasarathy, Srinivasan},
  booktitle={COSN},
  pages={203--214},
  year={2014},
}

@article{choobdar2015dynamic,
  title={Dynamic inference of social roles in information cascades},
  author={Choobdar, Sarvenaz and Ribeiro, Pedro and Parthasarathy, Srinivasan and Silva, Fernando},
  journal={Data Mining and Knowledge Discovery},
  volume={29},
  number={5},
  pages={1152--1177},
  year={2015},
  publisher={Springer}
}

@inproceedings{li2013learning,
  title={Learning, analyzing and predicting object roles on dynamic networks},
  author={Li, Kang and Guo, Suxin and Du, Nan and Gao, Jing and Zhang, Aidong},
  booktitle={ICDM},
  pages={428--437},
  year={2013},
  organization={IEEE}
}

@inproceedings{cheng2014social,
  title={Social Role Identification via Dual Uncertainty Minimization Regularization},
  author={Cheng, Yu and Agrawal, Ankit and Choudhary, Alok and Liu, Huan and Zhang, Tao},
  booktitle={ICDM},
  pages={767--772},
  year={2014}
}

@article{yang2015network,
  title={In-Network Neighborhood-Based Node Similarity Measure: A Unified Parametric Model},
  author={Yang, Yu and Pei, Jian},
  journal={arXiv preprint arXiv:1510.03814},
  year={2015}
}

@article{abnar2015ssrm,
  title={{SSRM}: structural social role mining for dynamic social networks},
  author={Abnar, Afra and Takaffoli, Mansoureh and Rabbany, Reihaneh and Za{\"\i}ane, Osmar R},
  journal={Social Network Analysis and Mining},
  volume={5},
  number={1},
  pages={1--18},
  year={2015},
  publisher={Springer}
}

@inproceedings{choobdar2015pairwise,
  title={Pairwise structural role mining for user categorization in information cascades},
  author={Choobdar, Sarvenaz and Ribeiro, Pedro and Silva, Fernando},
  booktitle={Proceedings of the 2015 IEEE/ACM International Conference on Advances in Social Networks Analysis and Mining 2015},
  pages={137--144},
  year={2015},
  organization={ACM}
}

@article{dong2014network,
  title={A network-cliques based role mining model},
  author={Dong, Lijun and Wu, Jinxia and Gong, Cheng and Pi, Benjie},
  journal={Journal of Networks},
  volume={9},
  number={8},
  pages={2079--2088},
  year={2014}
}

@inproceedings{rossi2013multi,
  title={A multi-level approach for evaluating internet topology generators},
  author={Rossi, Roberto and Fahmy, Sonia and Talukder, Niloy},
  booktitle={IFIP Networking Conference, 2013},
  pages={1--9},
  year={2013},
  organization={IEEE}
}

@article{lorrain1971structural,
  title={Structural equivalence of individuals in social networks},
  author={Lorrain, Francois and White, Harrison C},
  journal={The Journal of Mathematical Sociology},
  volume={1},
  number={1},
  pages={49--80},
  year={1971}
}

@article{everett1990ego,
  title={Ego-centered and local roles: A graph theoretic approach},
  author={Everett, Martin G and Boyd, John P and Borgatti, Stephen P},
  journal={Journal of Mathematical Sociology},
  volume={15},
  number={3-4},
  pages={163--172},
  year={1990}
}

@article{everett1985role,
  title={Role similarity and complexity in social networks},
  author={Everett, Martin G},
  journal={Social Networks},
  volume={7},
  number={4},
  pages={353--359},
  year={1985}
}


@article{everett1994regular,
  title={Regular equivalence: General theory},
  author={Everett, Martin G and Borgatti, Stephen P},
  journal={Journal of Mathematical Sociology},
  volume={19},
  number={1},
  pages={29--52},
  year={1994}
}

@article{holland1981exponential,
  title={An exponential family of probability distributions for directed graphs},
  author={Holland, Paul W and Leinhardt, Samuel},
  journal={Journal of the american Statistical association},
  volume={76},
  number={373},
  pages={33--50},
  year={1981}
}

@inproceedings{airoldi2009mixed,
  title={Mixed membership stochastic blockmodels},
  author={Airoldi, Edo M and Blei, David M and Fienberg, Stephen E and Xing, Eric P},
  booktitle={Advances in Neural Information Processing Systems},
  pages={33--40},
  year={2009}
}

@article{holland1983stochastic,
  title={Stochastic blockmodels: First steps},
  author={Holland, Paul W and Laskey, Kathryn Blackmond and Leinhardt, Samuel},
  journal={Social Networks},
  volume={5},
  number={2},
  pages={109--137},
  year={1983}
}
@inproceedings{rossi2013modeling,
  title={Modeling dynamic behavior in large evolving graphs},
  author={Rossi, Ryan A and Gallagher, Brian and Neville, Jennifer and Henderson, Keith},
  booktitle={Proceedings of the 6th ACM International Conference on Web Search and Data Mining (WSDM)},
  pages={667--676},
  year={2013}
}

@article{white1983graph,
  title={Graph and semigroup homomorphisms on networks of relations},
  author={White, Douglas R and Reitz, Karl P},
  journal={Social Networks},
  volume={5},
  number={2},
  pages={193--234},
  year={1983}
}



@article{beisner:11:instability,
    author = {Beisner, Brianne A. AND Jackson, Megan E. AND Cameron, Ashley N. AND McCowan, Brenda},
    journal = {PLoS ONE},
    title = {Detecting Instability in Animal Social Networks: Genetic Fragmentation Is Associated with Social Instability in Rhesus Macaques},
    year = {2011},
    volume = {6},
    pages = {e16365},
    number = {1},
}        


@book{hanneman:05:introduction,
	author = {Hanneman, Robert A. and Mark Riddle},
	title = {Introduction to social network methods},
	year = {2005},
	publisher = {University of California},
	note = {\url{http://www.faculty.ucr.edu/~hanneman/}}
}


@Article{snijders:97:estimation,
	author="Snijders, A.B. Tom and Nowicki, Krzysztof",
	title="Estimation and Prediction for Stochastic Blockmodels for Graphs with Latent Block Structure",
	journal="Journal of Classification",
	volume="14",
	number="1",
	year="1997",
	pages="75--100",
}

@article{Goldenberg:2010:SSN,
	author = {Goldenberg, Anna and Zheng, Alice X. and Fienberg, Stephen E. and Airoldi, Edoardo M.},
	title = {A Survey of Statistical Network Models},
	journal = {Found. Trends Mach. Learn.},
	volume = {2},
	number = {2},
	year = {2010},
	pages = {129--233},
} 

@inproceedings{McKay1978,
    author="McKay, Brendan D.",
	title="Computing automorphisms and canonical labellings of graphs",
    bookTitle="Combinatorial Mathematics: Proceedings of the International Conference on Combinatorial Theory",
    year="1978",
    pages="223--232",
}
